@misc{CIAA,
  author = {{Proyecto CIAA}},
  title = {Computadora Industrial Abierta Argentina},
  url = {http://proyecto-ciaa.com.ar/devwiki/doku.php?id=start},
  note = {Disponible: 2016-06-25},
  year = {2014}
}

@misc{lpcopen,
   author =	{{NXP Semiconductors}},
   title =	{LPCOPEN v2.16 Drivers, Middleware and Examples},
   url =		{http://www.nxp.com/products/microcontrollers-and-processors/arm-processors/lpc-cortex-m-mcus/software-tools/lpcopen-libraries-and-examples:LPC-OPEN-LIBRARIES},
   note =	{Disponible: 2016-06-25}
}
 
@misc{semaforo,
   author =	{Wikipedia},
   title =	{Sem√°foro},
   url =	{https://es.wikipedia.org/wiki/Sem%C3%A1foro},
   note =	{Disponible: 2019-07-11}
}